% Encoding: UTF-8
% !TeX root = thesis.tex

@article{cycle,
 ISSN = {00251909, 15265501},
 URL = {http://www.jstor.org/stable/2628396},
 abstract = {A simple procedure is given for solving minimal cost flow problems in which feasible flows are maintained throughout. It specializes to give primal algorithms for the assignment and transportation problems. Convex cost problems can also be handled.},
 author = {Morton Klein},
 journal = {Management Science},
 number = {3},
 pages = {205--220},
 publisher = {INFORMS},
 title = {A Primal Method for Minimal Cost Flows with Applications to the Assignment and Transportation Problems},
 volume = {14},
 year = {1967},
 language = {english},
}

@Article{cocv,
  author = { Carlier, Guillaume and Santambrogio, Filippo },
  title = { A Variational Model for Urban Planning with Traffic Congestion },
  journal = { ESAIM: COCV },
  year = { 2005 },
  volume = { 11 },
  number = { 4 },
  pages = { 595-613 },
  URL = { http://cvgmt.sns.it/paper/72/ },
  note = { cvgmt preprint}
}

@book{monge1781,
  added-at = {2017-02-08T16:54:11.000+0100},
  author = {Monge, Gaspard},
  biburl = {https://www.bibsonomy.org/bibtex/27501e977c23a6c608ed3d4cfc61f7141/becker},
  description = {Mentioned by Filippo Simini, Marta C. Gonz치lez, Amos Maritan, and Albert-L치szl칩 Barab치si in "A universal model for mobility and migration patterns" to mention the gravity model.},
  interhash = {1473bca93a3776814a74f95187ff7f12},
  intrahash = {7501e977c23a6c608ed3d4cfc61f7141},
  keywords = {diss geo gravity inthesis spatial},
  publisher = {De l'Imprimerie Royale},
  timestamp = {2017-02-08T17:00:30.000+0100},
  title = {M{\'e}moire sur la th{\'e}orie des d{\'e}blais et des remblais},
  year = 1781,
  language={french}
}

@article{cot,
year={2019},
volume={11},
journal={Foundations and Trends in Machine Learning},
title={Computational Optimal Transport},
number={5-6},
pages={355--607},
author={Gabriel Peyr{\'e} and Marco Cuturi}
}

@book{villani2003,
  title={Topics in Optimal Transportation},
  author={Villani, C. and American Mathematical Society},
  isbn={9781470418045},
  lccn={2003040350},
  series={Graduate studies in mathematics},
  url={https://books.google.com.ua/books?id=MyPjjgEACAAJ},
  year={2003},
  publisher={American Mathematical Society}
}

@article{kantorovich2006,
author = {Kantorovich, L.},
year = {2006},
month = {03},
pages = {},
title = {On the Translocation of Masses},
volume = {133},
journal = {Journal of Mathematical Sciences},
doi = {10.1007/s10958-006-0049-2}
}


@article{beckmann52,
author = {Martin Beckmann},
title = {A Continuous Model of Transportation},
journal = {Econometrica},
volume = {20},
number = {4},
pages = {643-660},
url = {https://onlinelibrary.wiley.com/doi/abs/0012-9682(195210)20:4&lt;643:ACMOT&gt;2.0.CO;2-G},
abstract = {},
year = {1952}
}

@book{otam,
  title={Optimal Transport for Applied Mathematicians: Calculus of Variations, PDEs, and Modeling},
  author={Santambrogio, F.},
  isbn={9783319365817},
  series={Progress in Nonlinear Differential Equations and Their Applications},
  url={https://books.google.com.ua/books?id=2KTXtAEACAAJ},
  year={2016},
  publisher={Springer International Publishing}
}

@book{busacker1965finite,
  title={Finite Graphs and Networks: An Introduction with Applications},
  author={Busacker, R.G. and Saaty, T.L.},
  isbn={9780070093058},
  lccn={lc64066288},
  series={International series in pure and applied mathematics},
  url={https://books.google.com.ua/books?id=j0NDAAAAIAAJ},
  year={1965},
  publisher={McGraw-Hill}
}
